% PRISMA
@CONFERENCE{Bano2021410,
	author = {Bano, Saira},
	title = {PhD Forum Abstract: Efficient Computing and Communication Paradigms for Federated Learning Data Streams},
	year = {2021},
	journal = {Proceedings - 2021 IEEE International Conference on Smart Computing, SMARTCOMP 2021},
	pages = {410 - 411},
	doi = {10.1109/SMARTCOMP52413.2021.00086},
	type = {Conference paper},
	publication_stage = {Final},
	source = {Scopus},
}

@ARTICLE{Awan2023120918,
	author = {Awan, Kamran Ahmad and Din, Ikram Ud and Almogren, Ahmad and Rodrigues, Joel J. P. C.},
	title = {Privacy-Preserving Big Data Security for IoT With Federated Learning and Cryptography},
	year = {2023},
	journal = {IEEE Access},
	volume = {11},
	pages = {120918 - 120934},
	doi = {10.1109/ACCESS.2023.3328310},
	type = {Article},
	publication_stage = {Final},
	source = {Scopus}
}

@article{stergiou2023security,
  title={Security and privacy issues in IoT-based big data cloud systems in a digital twin scenario},
  author={Stergiou, Christos L and Bompoli, Elisavet and Psannis, Konstantinos E},
  journal={Applied Sciences},
  volume={13},
  number={2},
  pages={758},
  year={2023},
  publisher={MDPI}
}

@article{venu2022secure,
  title={Secure big data processing in multihoming networks with AI-enabled IoT},
  author={Venu, Sivakumar and Kotti, Jayasri and Pankajam, A and Dhabliya, Dharmesh and Rao, G Nageswara and Bansal, Rohit and Gupta, Ankur and Sammy, F},
  journal={Wireless Communications \& Mobile Computing (Online)},
  volume={2022},
  year={2022},
  publisher={Hindawi Limited}
}

@CONFERENCE{Jayaram2022180,
	author = {Jayaram, K.R. and Muthusamy, Vinod and Thomas, Gegi and Verma, Ashish and Purcell, Mark},
	title = {Adaptive Aggregation For Federated Learning},
	year = {2022},
	journal = {Proceedings - 2022 IEEE International Conference on Big Data, Big Data 2022},
	pages = {180 - 185},
	doi = {10.1109/BigData55660.2022.10021119},
	type = {Conference paper},
	publication_stage = {Final},
	source = {Scopus}
}

@ARTICLE{Song20233047,
	author = {Song, Jingcheng and Wang, Weizheng and Gadekallu, Thippa Reddy and Cao, Jianyu and Liu, Yining},
	title = {EPPDA: An Efficient Privacy-Preserving Data Aggregation Federated Learning Scheme},
	year = {2023},
	journal = {IEEE Transactions on Network Science and Engineering},
	volume = {10},
	number = {5},
	pages = {3047 - 3057},
	doi = {10.1109/TNSE.2022.3153519},
	type = {Article},
	publication_stage = {Final},
	source = {Scopus}
}

@inproceedings{bonawitz2017practical,
  title={Practical secure aggregation for privacy-preserving machine learning},
  author={Bonawitz, Keith and Ivanov, Vladimir and Kreuter, Ben and Marcedone, Antonio and McMahan, H Brendan and Patel, Sarvar and Ramage, Daniel and Segal, Aaron and Seth, Karn},
  booktitle={proceedings of the 2017 ACM SIGSAC Conference on Computer and Communications Security},
  pages={1175--1191},
  year={2017}
}

@CONFERENCE{Mansouri2022146,
	author = {Mansouri, Mohamad and Önen, Melek and Jaballah, Wafa Ben},
	title = {Learning from Failures: Secure and Fault-Tolerant Aggregation for Federated Learning},
	year = {2022},
	journal = {ACM International Conference Proceeding Series},
	pages = {146 - 158},
	doi = {10.1145/3564625.3568135},
	type = {Conference paper},
	publication_stage = {Final},
	source = {Scopus}
}

@ARTICLE{Chen20241,
	author = {Chen, Xiaohong and Xu, Guanying and Xu, Xuesong and Jiang, Haichong and Tian, Zhiping and Ma, Tao},
	title = {Multicenter Hierarchical Federated Learning With Fault-Tolerance Mechanisms for Resilient Edge Computing Networks},
	year = {2024},
	journal = {IEEE Transactions on Neural Networks and Learning Systems},
	pages = {1-15},
	doi = {10.1109/TNNLS.2024.3362974},
	type = {Article},
	publication_stage = {Article in press},
	source = {Scopus}
}

@article{konevcny2016federated,
  title={Federated Learning: Strategies for Improving Communication Efficiency},
  author={Kone{\v{c}}n{\`y}, Jakub},
  journal={arXiv preprint arXiv:1610.05492},
  year={2016}
}

@article{sattler2020clustered,
  title={Clustered federated learning: Model-agnostic distributed multitask optimization under privacy constraints},
  author={Sattler, Felix and M{\"u}ller, Klaus-Robert and Samek, Wojciech},
  journal={IEEE transactions on neural networks and learning systems},
  volume={32},
  number={8},
  pages={3710--3722},
  year={2020},
  publisher={IEEE}
}

@ARTICLE{Morell202253,
	author = {Morell, José Ángel and Alba, Enrique},
	title = {Dynamic and adaptive fault-tolerant asynchronous federated learning using volunteer edge devices},
	year = {2022},
	journal = {Future Generation Computer Systems},
	volume = {133},
	pages = {53 - 67},
	doi = {10.1016/j.future.2022.02.024},
	type = {Article},
	publication_stage = {Final},
	source = {Scopus}
}

@CONFERENCE{Dautov2024110,
	author = {Dautov, Rustem and Husom, Erik Johannes},
	title = {Raft Protocol for Fault Tolerance and Self-Recovery in Federated Learning},
	year = {2024},
	journal = {Proceedings - 2024 IEEE/ACM 19th Symposium on Software Engineering for Adaptive and Self-Managing Systems, SEAMS 2024},
	pages = {110 - 121},
	doi = {10.1145/3643915.3644093},
	type = {Conference paper},
	publication_stage = {Final},
	source = {Scopus}
}

@article{pfeiffer2022cocofl,
  title={CocoFL: Communication-and computation-aware federated learning via partial NN freezing and quantization},
  author={Pfeiffer, Kilian and Rapp, Martin and Khalili, Ramin and Henkel, J{\"o}rg},
  journal={arXiv preprint arXiv:2203.05468},
  year={2022}
}

@article{diao2020heterofl,
  title={Heterofl: Computation and communication efficient federated learning for heterogeneous clients},
  author={Diao, Enmao and Ding, Jie and Tarokh, Vahid},
  journal={arXiv preprint arXiv:2010.01264},
  year={2020}
}

@article{abdulrahman2020survey,
  title={A survey on federated learning: The journey from centralized to distributed on-site learning and beyond},
  author={AbdulRahman, Sawsan and Tout, Hanine and Ould-Slimane, Hakima and Mourad, Azzam and Talhi, Chamseddine and Guizani, Mohsen},
  journal={IEEE Internet of Things Journal},
  volume={8},
  number={7},
  pages={5476--5497},
  year={2020},
  publisher={IEEE}
}

@article{sahoo2024evolution,
  title={The Evolution of Machine Learning: From Centralized to Distributed},
  author={SAHOO, JAYAKRUSHNA and NAIR, AKARSH K and SHARMA, RICHA},
  journal={Federated Learning: Principles, Paradigms, and Applications},
  pages={1},
  year={2024},
  publisher={CRC Press}
}

% teixeira
@INPROCEEDINGS{10410765,
  author={Teixeira, Rafael and Antunes, Mário and Gomes, Diogo and Aguiar, Rui L.},
  booktitle={2023 10th International Conference on Future Internet of Things and Cloud (FiCloud)}, 
  title={The learning costs of Federated Learning in constrained scenarios}, 
  year={2023},
  volume={},
  number={},
  pages={18-25},
  keywords={Training;Computer aided instruction;Costs;Federated learning;Distance learning;Computational modeling;Synchronization;Distributed learning;Federated learning;Network Slicing},
  doi={10.1109/FiCloud58648.2023.00011}
}

% melecon
@INPROCEEDINGS{10608461,
  author={Almeida, Leonardo and Rodrigues, Pedro and Teixeira, Rafael and Antunes, Mário and Aguiar, Rui L.},
  booktitle={2024 IEEE 22nd Mediterranean Electrotechnical Conference (MELECON)}, 
  title={Privacy-Preserving Defense: Intrusion Detection in IoT using Federated Learning}, 
  year={2024},
  volume={},
  number={},
  pages={908-913},
  keywords={Training;Measurement;Electric potential;Data privacy;Federated learning;Scalability;Intrusion detection;IoT Security;Intrusion Detection Systems;Machine Learning;Neural Networks;Federated Learning;Decentralized Security},
  doi={10.1109/MELECON56669.2024.10608461}
}

% background
@ARTICLE{9120226,
  author={Langer, Matthias and He, Zhen and Rahayu, Wenny and Xue, Yanbo},
  journal={IEEE Transactions on Parallel and Distributed Systems}, 
  title={Distributed Training of Deep Learning Models: A Taxonomic Perspective}, 
  year={2020},
  volume={31},
  number={12},
  pages={2802-2818},
  keywords={Deep learning;Training;Computational modeling;Parallel processing;Taxonomy;Data models;Biological system modeling;Survey;machine learning;deep learning;distributed systems;stochastic gradient descent;big data},
  doi={10.1109/TPDS.2020.3003307}
}

@article{liu2022distributed,
  title={From distributed machine learning to federated learning: A survey},
  author={Liu, Ji and Huang, Jizhou and Zhou, Yang and Li, Xuhong and Ji, Shilei and Xiong, Haoyi and Dou, Dejing},
  journal={Knowledge and Information Systems},
  volume={64},
  number={4},
  pages={885--917},
  year={2022},
  publisher={Springer}
}

@article{yang2019federated,
  title={Federated machine learning: Concept and applications},
  author={Yang, Qiang and Liu, Yang and Chen, Tianjian and Tong, Yongxin},
  journal={ACM Transactions on Intelligent Systems and Technology (TIST)},
  volume={10},
  number={2},
  pages={1--19},
  year={2019},
  publisher={ACM New York, NY, USA}
}

@article{li2020review,
  title={A review of applications in federated learning},
  author={Li, Li and Fan, Yuxi and Tse, Mike and Lin, Kuo-Yi},
  journal={Computers \& Industrial Engineering},
  volume={149},
  pages={106854},
  year={2020},
  publisher={Elsevier}
}

@article{durovic2024privacy,
  title={The privacy of emotions: From the GDPR to the AI Act, an overview of emotional AI regulation and the protection of privacy and personal data},
  author={Durovic, Mateja and Corno, Tommaso},
  journal={Privacy, Data Protection and Data-driven Technologies},
  pages={368--404},
  year={2024},
  publisher={Routledge}
}

@article{raschka2020machine,
  title={Machine learning in python: Main developments and technology trends in data science, machine learning, and artificial intelligence},
  author={Raschka, Sebastian and Patterson, Joshua and Nolet, Corey},
  journal={Information},
  volume={11},
  number={4},
  pages={193},
  year={2020},
  publisher={Multidisciplinary Digital Publishing Institute}
}

@article{rasmussen2008round,
  title={Round robin scheduling--a survey},
  author={Rasmussen, Rasmus V and Trick, Michael A},
  journal={European Journal of Operational Research},
  volume={188},
  number={3},
  pages={617--636},
  year={2008},
  publisher={Elsevier}
}

@misc{kdd98,
  author       = {Parsa,Ismail},
  title        = {{KDD Cup 1998 Data}},
  year         = {1998},
  howpublished = {UCI Machine Learning Repository},
  note         = {{DOI}: https://doi.org/10.24432/C5401H}
}

@misc{kdd99,
  author       = {Stolfo,Salvatore and Fan,Wei and Lee,Wenke and Prodromidis,Andreas and Chan,Philip},
  title        = {{KDD Cup 1999 Data}},
  year         = {1999},
  howpublished = {UCI Machine Learning Repository},
  note         = {{DOI}: https://doi.org/10.24432/C51C7N}
}

@INPROCEEDINGS{nslkdd,
  author={Tavallaee, Mahbod and Bagheri, Ebrahim and Lu, Wei and Ghorbani, Ali A.},
  booktitle={2009 IEEE Symposium on Computational Intelligence for Security and Defense Applications}, 
  title={A detailed analysis of the KDD CUP 99 data set}, 
  year={2009},
  volume={},
  number={},
  pages={1-6},
  keywords={Testing;Intrusion detection;Data security;Statistical analysis;Computer security;Computer aided manufacturing;Learning systems;Computational intelligence;Computer networks;Application software},
  doi={10.1109/CISDA.2009.5356528}
}

@article{kostas2023iotgem,
  title={IoTGeM: Generalizable Models for Behaviour-Based IoT Attack Detection},
  author={Kostas, Kahraman and Just, Mike and Lones, Michael A},
  journal={arXiv preprint arXiv:2401.01343},
  year={2023}
}

@INPROCEEDINGS{unswnb15,
  author={Moustafa, Nour and Slay, Jill},
  booktitle={2015 Military Communications and Information Systems Conference (MilCIS)}, 
  title={UNSW-NB15: a comprehensive data set for network intrusion detection systems (UNSW-NB15 network data set)}, 
  year={2015},
  volume={},
  number={},
  pages={1-6},
  keywords={Telecommunication traffic;Feature extraction;Servers;Training;Data models;IP networks;Benchmark testing;UNSW-NB15 data set;NIDS;low footprint attacks;pcap files;testbed},
  doi={10.1109/MilCIS.2015.7348942}
}

@ARTICLE{toniot,
  author={Booij, Tim M. and Chiscop, Irina and Meeuwissen, Erik and Moustafa, Nour and Hartog, Frank T. H. den},
  journal={IEEE Internet of Things Journal}, 
  title={ToN\_IoT: The Role of Heterogeneity and the Need for Standardization of Features and Attack Types in IoT Network Intrusion Data Sets}, 
  year={2022},
  volume={9},
  number={1},
  pages={485-496},
  doi={10.1109/JIOT.2021.3085194}
}


@article{nfunswnb15,
   title={Towards a Standard Feature Set for Network Intrusion Detection System Datasets},
   volume={27},
   ISSN={1572-8153},
   url={http://dx.doi.org/10.1007/s11036-021-01843-0},
   DOI={10.1007/s11036-021-01843-0},
   number={1},
   journal={Mobile Networks and Applications},
   publisher={Springer Science and Business Media LLC},
   author={Sarhan, Mohanad and Layeghy, Siamak and Portmann, Marius},
   year={2021},
   month=nov, pages={357-370}
}

@inproceedings{abou2020evaluation,
  title={Evaluation of adversarial training on different types of neural networks in deep learning-based idss},
  author={Abou Khamis, Rana and Matrawy, Ashraf},
  booktitle={2020 international symposium on networks, computers and communications (ISNCC)},
  pages={1--6},
  year={2020},
  organization={IEEE}
}

@inproceedings{kumar2021p2idf,
  title={P2IDF: A privacy-preserving based intrusion detection framework for software defined Internet of Things-fog (SDIoT-Fog)},
  author={Kumar, Prabhat and Tripathi, Rakesh and P. Gupta, Govind},
  booktitle={Adjunct Proceedings of the 2021 International Conference on Distributed Computing and Networking},
  pages={37--42},
  year={2021}
}

@inproceedings{chen2023dynamicfl,
  title={DynamicFL: balancing communication dynamics and client manipulation for federated learning},
  author={Chen, Bocheng and Ivanov, Nikolay and Wang, Guangjing and Yan, Qiben},
  booktitle={2023 20th Annual IEEE International Conference on Sensing, Communication, and Networking (SECON)},
  pages={312--320},
  year={2023},
  organization={IEEE}
}

@article{zhao2018federated,
  title={Federated learning with non-iid data},
  author={Zhao, Yue and Li, Meng and Lai, Liangzhen and Suda, Naveen and Civin, Damon and Chandra, Vikas},
  journal={arXiv preprint arXiv:1806.00582},
  year={2018}
}

@article{luo2023optimization,
  title={Optimization design for federated learning in heterogeneous 6g networks},
  author={Luo, Bing and Han, Pengchao and Sun, Peng and Ouyang, Xiaomin and Huang, Jianwei and Ding, Ningning},
  journal={IEEE Network},
  volume={37},
  number={2},
  pages={38--43},
  year={2023},
  publisher={IEEE}
}

@article{guendouzi2023systematic,
  title={A systematic review of federated learning: Challenges, aggregation methods, and development tools},
  author={Guendouzi, Badra Souhila and Ouchani, Samir and Assaad, Hiba EL and Zaher, Madeleine EL},
  journal={Journal of Network and Computer Applications},
  volume={220},
  pages={103714},
  year={2023},
  publisher={Elsevier}
}

@article{rashid2024ai,
  title={AI revolutionizing industries worldwide: A comprehensive overview of its diverse applications},
  author={Rashid, Adib Bin and Kausik, Ashfakul Karim},
  journal={Hybrid Advances},
  pages={100277},
  year={2024},
  publisher={Elsevier}
}

@article{xu2021privacy,
  title={Privacy-preserving machine learning: Methods, challenges and directions},
  author={Xu, Runhua and Baracaldo, Nathalie and Joshi, James},
  journal={arXiv preprint arXiv:2108.04417},
  year={2021}
}

@inproceedings{gabriel2004open,
  title={Open MPI: Goals, concept, and design of a next generation MPI implementation},
  author={Gabriel, Edgar and Fagg, Graham E and Bosilca, George and Angskun, Thara and Dongarra, Jack J and Squyres, Jeffrey M and Sahay, Vishal and Kambadur, Prabhanjan and Barrett, Brian and Lumsdaine, Andrew and others},
  booktitle={Recent Advances in Parallel Virtual Machine and Message Passing Interface: 11th European PVM/MPI Users’ Group Meeting Budapest, Hungary, September 19-22, 2004. Proceedings 11},
  pages={97--104},
  year={2004},
  organization={Springer}
}

@article{light2017mosquitto,
  title={Mosquitto: server and client implementation of the MQTT protocol},
  author={Light, Roger A},
  journal={Journal of Open Source Software},
  volume={2},
  number={13},
  pages={265},
  year={2017}
}

@inproceedings{kreps2011kafka,
  title={Kafka: A distributed messaging system for log processing},
  author={Kreps, Jay and Narkhede, Neha and Rao, Jun and others},
  booktitle={Proceedings of the NetDB},
  volume={11},
  pages={1--7},
  year={2011},
  organization={Athens, Greece}
}

@inproceedings{corsaro2023zenoh,
  title={Zenoh: Unifying communication, storage and computation from the cloud to the microcontroller},
  author={Corsaro, Angelo and Cominardi, Luca and Hecart, Olivier and Baldoni, Gabriele and Avital, Julien Enoch Pierre and Loudet, Julien and Guimares, Carlos and Ilyin, Michael and Bannov, Dmitrii},
  booktitle={2023 26th Euromicro Conference on Digital System Design (DSD)},
  pages={422--428},
  year={2023},
  organization={IEEE}
}

@article{rumelhart1986learning,
  title={Learning representations by back-propagating errors},
  author={Rumelhart, David E and Hinton, Geoffrey E and Williams, Ronald J},
  journal={nature},
  volume={323},
  number={6088},
  pages={533--536},
  year={1986},
  publisher={Nature Publishing Group UK London}
}

@article{kingma2014adam,
  title={Adam: A method for stochastic optimization},
  author={Kingma, Diederik P},
  journal={arXiv preprint arXiv:1412.6980},
  year={2014}
}

@InProceedings{liu2020client,
  author       = {Liu, Lumin and Zhang, Jun and Song, SH and Letaief, Khaled B},
  booktitle    = {ICC 2020-2020 IEEE international conference on communications (ICC)},
  title        = {Client-edge-cloud hierarchical federated learning},
  year         = {2020},
  organization = {IEEE},
  pages        = {1--6},
}

@article{teixeira2025efficient,
  title={Efficient training: Federated learning cost analysis},
  author={Teixeira, Rafael and Almeida, Leonardo and Antunes, Mário and Gomes, Diogo and Aguiar, Rui L},
  journal={Big Data Research},
  volume={40},
  pages={100510--100510},
  year={2025}
}

@inproceedings{teixeira2024shallow,
  title={Shallow vs. Deep Learning: Prioritizing Efficiency in Next Generation Networks},
  author={Teixeira, Rafael and Almeida, Leonardo and Rodrigues, Pedro and Antunes, M{\'a}rio and Gomes, Diogo and Aguiar, Rui L},
  booktitle={2024 11th International Conference on Future Internet of Things and Cloud (FiCloud)},
  pages={308--315},
  year={2024},
  organization={IEEE}
}

@inproceedings{abou2020investigating,
  title={Investigating resistance of deep learning-based ids against adversaries using min-max optimization},
  author={Abou Khamis, Rana and Shafiq, M Omair and Matrawy, Ashraf},
  booktitle={ICC 2020-2020 IEEE international conference on communications (ICC)},
  pages={1--7},
  year={2020},
  organization={IEEE}
}

@article{pineiro2024omp4py,
  title={OMP4Py: a pure Python implementation of OpenMP},
  author={Pi{\~n}eiro, C{\'e}sar and Pichel, Juan C},
  journal={arXiv preprint arXiv:2411.14887},
  year={2024}
}

@InProceedings{Almeida32025,
  author    = {Almeida, Leonardo and Rodrigues, Pedro and Magalhães, Diogo and Pinho, Armando J. and Pratas, Diogo},
  booktitle = {2025 Data Compression Conference (DCC)},
  title     = {AIDetx: A Compression-Based Method for Identification of Machine-Learning Generated Text},
  year      = {2025},
  month     = 3,
  pages     = {358--358},
  publisher = {IEEE},
  doi       = {10.1109/dcc62719.2025.00046},
}

@InProceedings{Teixeira102025,
  author    = {Rafael Teixeira and Leonardo Almeida and Pedro Rodrigues and Julio Corona and Mário Antunes and Rui L. Aguiar},
  booktitle = {2025 33rd International Symposium on the Modeling, Analysis, and Simulation of Computer and Telecommunication Systems (MASCOTS)},
  title     = {Understanding What Federated Learning Models Learn: A Comparative Study with Traditional Models},
  year      = {2025},
  month     = 10,
  publisher = {IEEE},
}

@InProceedings{Corona2024,
  author    = {Julio Corona and Pedro Rodrigues and Leonardo Almeida and Rafael Teixeira and Mário Antunes and Rui L. Aguiar},
  booktitle = {IEEE Global Communications Conference 2024},
  title     = {From Black Box to Transparency: Consistency and Cost within XAI},
  year      = {2024},
  month     = 12,
  publisher = {IEEE},
}

@inproceedings{mlops-placement-icct,
  author={Rodrigues, Pedro and Almeida, Leonardo and Corona, Julio and Antunes, Mário and Aguiar, Rui L.},
  booktitle={2025 IEEE International Conference on Consumer Technology (ICCT-Europe)}, 
  year = {2025},
  month = {04},
  pages = {},
  title = {Optimised Task Placement for MLOps},
  publisher = {IEEE},
}

@inproceedings{fl-icct,
  author={Almeida, Leonardo and Rodrigues, Pedro and Antunes, Mário and Aguiar, Rui L.},
  booktitle={2025 IEEE International Conference on Consumer Technology (ICCT-Europe)}, 
  year = {2025},
  month = {04},
  pages = {},
  title = {Resilient Federated Learning Framework for 6G},
  publisher = {IEEE},
}

@article{LeonardoAlmeida2025,
  title={Federated Learning for a Dynamic Edge: A Modular and Resilient Approach},
  author={Almeida, Leonardo and Teixeira, Rafael and Baldoni, Gabriele and Antunes, M{\'a}rio and Aguiar, Rui L},
  journal={Sensors},
  volume={25},
  number={12},
  pages={3812},
  year={2025},
  publisher={MDPI}
}

@article{chicco2020advantages,
  title={The advantages of the Matthews correlation coefficient (MCC) over F1 score and accuracy in binary classification evaluation},
  author={Chicco, Davide and Jurman, Giuseppe},
  journal={BMC genomics},
  volume={21},
  pages={1--13},
  year={2020},
  publisher={Springer}
}

@incollection{diallo2024machine,
  title={Machine Learning Evaluation of Imbalanced Health Data: A Comparative Analysis of Balanced Accuracy, MCC, and F1 Score},
  author={Diallo, Ramatoulaye and Edalo, Codjo and Awe, O Olawale},
  booktitle={Practical Statistical Learning and Data Science Methods: Case Studies from LISA 2020 Global Network, USA},
  pages={283--312},
  year={2024},
  publisher={Springer}
}

@article{chicco2021coefficient,
  title={The coefficient of determination R-squared is more informative than SMAPE, MAE, MAPE, MSE and RMSE in regression analysis evaluation},
  author={Chicco, Davide and Warrens, Matthijs J and Jurman, Giuseppe},
  journal={Peerj computer science},
  volume={7},
  pages={e623},
  year={2021},
  publisher={PeerJ Inc.}
}

@incollection{yang2020horizontal,
  title={Horizontal federated learning},
  author={Yang, Qiang and Liu, Yang and Cheng, Yong and Kang, Yan and Chen, Tianjian and Yu, Han},
  booktitle={Federated learning},
  pages={49--67},
  year={2020},
  publisher={Springer}
}

@article{liu2024vertical,
  title={Vertical federated learning: Concepts, advances, and challenges},
  author={Liu, Yang and Kang, Yan and Zou, Tianyuan and Pu, Yanhong and He, Yuanqin and Ye, Xiaozhou and Ouyang, Ye and Zhang, Ya-Qin and Yang, Qiang},
  journal={IEEE Transactions on Knowledge and Data Engineering},
  volume={36},
  number={7},
  pages={3615--3634},
  year={2024},
  publisher={IEEE}
}

@article{saha2021federated,
  title={Federated transfer learning: Concept and applications},
  author={Saha, Sudipan and Ahmad, Tahir},
  journal={Intelligenza Artificiale},
  volume={15},
  number={1},
  pages={35--44},
  year={2021},
  publisher={SAGE Publications Sage UK: London, England}
}

@article{dhanda2020lightweight,
  title={Lightweight cryptography: a solution to secure IoT},
  author={Dhanda, Sumit Singh and Singh, Brahmjit and Jindal, Poonam},
  journal={Wireless Personal Communications},
  volume={112},
  number={3},
  pages={1947--1980},
  year={2020},
  publisher={Springer}
}

@Article{Silva2023,
  author    = {Silva, Catarina and Cunha, Vitor A. and Barraca, João P. and Aguiar, Rui L.},
  journal   = {Information Systems Frontiers},
  title     = {Analysis of the Cryptographic Algorithms in IoT Communications},
  year      = {2023},
  issn      = {1572-9419},
  month     = 5,
  number    = {4},
  pages     = {1243--1260},
  volume    = {26},
  doi       = {10.1007/s10796-023-10383-9},
  publisher = {Springer Science and Business Media LLC},
}
